@Article{arulesViz:Csardi2006,
    title = {The igraph software package for complex network research},
    author = {Gabor Csardi and Tamas Nepusz},
    journal = {InterJournal},
    volume = {Complex Systems},
    pages = {1695},
    year = {2006},
    url = {http://igraph.sf.net},
}

@inproceedings{arulesViz:Hahsler2011,
    author = {Michael Hahsler and Sudheer Chelluboina},
    title = {Visualizing Association Rules in Hierarchical Groups},
    booktitle = {42nd Symposium on the Interface:
	Statistical, Machine Learning, and Visualization Algorithms
	    (Interface 2011)},
    year = {2011},
    pages = {},
    location = {Cary, North Carolina},
    date = {June 1--3, 2011},
    publisher = {The Interface Foundation of North America}
}

@INPROCEEDINGS{arulesViz:Agrawal:1993,
  author = {Rakesh Agrawal and Tomasz Imielinski and Arun Swami},
  title = {Mining Association Rules between Sets of Items in Large Databases},
  booktitle = {Proceedings of the 1993 ACM SIGMOD International Conference on Management
	of Data},
  year = {1993},
  pages = {207--216}
}

@INPROCEEDINGS{arulesViz:Bayardo:1999,
  author = {{Bayardo, Jr.}, Roberto J. and Agrawal, Rakesh},
  title = {Mining the most interesting rules},
  booktitle = {KDD '99: Proceedings of the fifth ACM SIGKDD international conference
	on Knowledge discovery and data mining},
  year = {1999},
  pages = {145--154},
  publisher = {ACM},
  location = {San Diego, California, United States}
}

@INPROCEEDINGS{arulesViz:Bently:1990,
  author = {Bentley, Jon Louis},
  title = {Experiments on traveling salesman heuristics},
  booktitle = {SODA '90: Proceedings of the first annual ACM-SIAM symposium on Discrete
	algorithms},
  year = {1990},
  pages = {91--99},
  address = {Philadelphia, PA, USA},
  publisher = {Society for Industrial and Applied Mathematics},
  isbn = {0-89871-251-3},
  location = {San Francisco, California, United States}
}

@ARTICLE{arulesViz:Berrado:2007,
  author = {Berrado, Abdelaziz and Runger, George C.},
  title = {Using metarules to organize and group discovered association rules},
  journal = {Data Mining and Knowledge Discovery},
  year = {2007},
  volume = {14},
  pages = {409--431},
  number = {3},
  publisher = {Kluwer Academic Publishers}
}

@INPROCEEDINGS{arulesViz:Borgelt:2003,
  author = {Christian Borgelt},
  title = {Efficient Implementations of {Apriori} and {Eclat}},
  booktitle = {FIMI'03: Proceedings of the IEEE ICDM Workshop on Frequent Itemset
	Mining Implementations},
  year = {2003},
  month = {November}
}

@INPROCEEDINGS{arulesViz:Brin:1997,
  author = {Sergey Brin and Rajeev Motwani and Jeffrey D. Ullman and Shalom Tsur},
  title = {Dynamic itemset counting and implication rules for market basket
	data},
  booktitle = {ACM SIGMOD International Conference on Management of Data},
  year = {1997},
  owner = {chelluboina},
  timestamp = {2010.03.09}
}

@INPROCEEDINGS{arulesViz:Bruzzese:2004,
  author = {Dario Bruzzese and Paolo Buono},
  title = {Combining Visual Techniques for Association Rules Exploration},
  booktitle = {AVI},
  year = {2004},
  pages = {381--384},
  url = {http://doi.acm.org/10.1145/989863.989930}
}

@INCOLLECTION{arulesViz:Bruzzese:2008,
  author = {Bruzzese, Dario and Davino, Cristina},
  title = {Visual Mining of Association Rules},
  year = {2008},
  pages = {103--122},
  booktitle = {Visual Data Mining: Theory, Techniques and Tools for Visual Analytics},
  publisher = {Springer-Verlag}
}

@ARTICLE{arulesViz:Bruzzese:2003,
  author = {Dario Bruzzese and Cristina Davino},
  title = {Visual Post-Analysis of Association Rules},
  journal = {J. Vis. Lang. Comput.},
  year = {2003},
  volume = {14},
  pages = {621--635},
  number = {6},
  url = {http://dx.doi.org/10.1016/j.jvlc.2003.06.004}
}

@INPROCEEDINGS{arulesViz:Buono:2005,
  author = {Paolo Buono and Maria Francesca Costabile},
  title = {Visualizing Association Rules in a Framework for Visual Data Mining},
  booktitle = {From Integrated Publication and Information Systems to Virtual Information
	and Knowledge Environments},
  year = {2005},
  pages = {221--231}
}

@ARTICLE{arulesViz:Ceglar:2005,
  author = {Aaron Ceglar and John F. Roddick and Paul R. Calder and Chris P.
	Rainsford},
  title = {Visualising hierarchical associations},
  journal = {Knowl. Inf. Syst.},
  year = {2005},
  volume = {8},
  pages = {257--275},
  number = {3},
  url = {http://dx.doi.org/10.1007/s10115-003-0139-0}
}

@INPROCEEDINGS{arulesViz:Ertek:2006,
  author = {G{\"u}rdal Ertek and Ayhan Demiriz},
  title = {A Framework for Visualizing Association Mining Results},
  booktitle = {ISCIS},
  year = {2006},
  pages = {593--602},
  url = {http://dx.doi.org/10.1007/11902140_63}
}

@INPROCEEDINGS{arulesViz:Gupta:1999,
  author = {Gunjan Gupta and Alexander Strehl and Joydeep Ghosh},
  title = {Distance Based Clustering of Association Rules},
  booktitle = {Intelligent Engineering Systems Through Artificial Neural Networks
	(Proceedings of ANNIE 1999)},
  year = {1999},
  pages = {759-764},
  publisher = {ASME Press}
}

@MANUAL{arulesViz:Hahsler:2010,
  title = {arules: Mining Association Rules and Frequent Itemsets},
  author = {Michael Hahsler and Christian Buchta and Bettina Gr{\"u}n and Kurt
	Hornik},
  year = {2010},
  note = {R package version 1.0-3.},
  url = {http://CRAN.R-project.org/}
}

@ARTICLE{arulesViz:Hahsler:2005,
  author = {Michael Hahsler and Bettina Gr{\"u}n and Kurt Hornik},
  title = {arules -- {A} Computational Environment for Mining Association Rules
	and Frequent Item Sets},
  journal = {Journal of Statistical Software},
  year = {2005},
  volume = {14},
  pages = {1--25},
  number = {15},
  month = {October}
}

@ARTICLE{arulesViz:Hahsler:2008,
  author = {Michael Hahsler and Kurt Hornik and Christian Buchta},
  title = {Getting Things in Order: An Introduction to the R Package seriation},
  journal = {Journal of Statistical Software JSS},
  year = {2008},
  volume = {25},
  owner = {chelluboina},
  timestamp = {2010.02.25}
}

@MISC{arulesViz:Han:1997,
  author = {Eui-Hong (Sam) Han and George Karypis and Vipin Kumar and Bamshad
	Mobasher},
  title = {Clustering Based On Association Rule Hypergraphs},
  year = {1997},
  owner = {chelluboina},
  timestamp = {2010.04.18}
}

@INBOOK{arulesViz:cviz,
  pages = {214-226},
  title = {CViz: An Interactive Visualization System for Rule Induction},
  publisher = {Springer Berlin / Heidelberg},
  year = {2000},
  author = {Jianchao Han and Aijun An and Nick Cercone},
  owner = {chelluboina},
  timestamp = {2010.10.11}
}

@INPROCEEDINGS{arulesViz:Hao:2001,
  author = {Hao, M C and Dayal, U and Hsu, M and Sprenger, T and Gross, M H},
  title = {Visualization of directed associations in E-Commerce transaction
	data},
  booktitle = {Data Visualization 2001},
  year = {2001},
  pages = {185--192},
  publisher = {Springer-Verlag}
}

@INPROCEEDINGS{arulesViz:Hofmann:2000,
  author = {Heike Hofmann and Arno Siebes and Adalbert F. X. Wilhelm},
  title = {Visualizing Association Rules with Interactive Mosaic Plots},
  booktitle = {KDD},
  year = {2000},
  pages = {227--235},
  url = {http://doi.acm.org/10.1145/347090.347133}
}

										@ARTICLE{arulesViz:Hofmann:2001,
  author = {Heike Hofmann and Adalbert Wilhelm},
  title = {Visual comparison of association rules},
  journal = {Computational Statistics},
  year = {2001},
  volume = {16},
  number = {3}
}

@ARTICLE{arulesViz:Hornik:2006,
  author = {Kurt Hornik and Achim Zeileis and David Meyer},
  title = {The Strucplot Framework: Visualizing Multi-way Contingency Tables
	with vcd},
  journal = {Journal of Statistical Software},
  year = {2006},
  volume = {17},
  number = {03},
  month = {October},
  url = {http://ideas.repec.org/a/jss/jstsof/17i03.html}
}

@MANUAL{arulesViz:Gentry:2006,
  title = {How To Plot A Graph Using Rgraphviz},
  author = {Jeff Gentry, Robert Gentleman and Wolfgang Huber},
  year = {2006}
}

@INPROCEEDINGS{arulesViz:Klemettinen:1994,
  author = {Mika Klemettinen and Heikki Mannila and Pirjo Ronkainen and Hannu
	Toivonen and A. Inkeri Verkamo},
  title = {Finding Interesting Rules from Large Sets of Discovered Association
	Rules},
  booktitle = {CIKM},
  year = {1994},
  pages = {401--407},
  url = {http://doi.acm.org/10.1145/191246.191314}
}

@INPROCEEDINGS{arulesViz:Kohavi:1996,
  author = {Ron Kohavi},
  title = {Scaling Up the Accuracy of Naive-Bayes Classifiers: a Decision-Tree
	Hybrid},
  booktitle = {Second International Conference on Knowledge Discovery and Data Mining},
  year = {1996},
  owner = {chelluboina},
  timestamp = {2010.03.10}
}

@ARTICLE{arulesViz:Carson:2010,
  author = {Carson Kai-Sang Leung and Christopher L. Carmichael},
  title = {FpVAT: A Visual Analytic Tool for Supporting Frequent Pattern Mining},
  journal = {SIGKDD Explorations},
  year = {2010},
  volume = {11},
  pages = {39-48},
  owner = {chelluboina},
  timestamp = {2010.10.21}
}

@ARTICLE{arulesViz:Ligges:2003,
  author = {Uwe Ligges and M Machler},
  title = {Scatterplot3d - An R Package for Visualizing Multivariate Data},
  journal = {Journal of Statistical Software},
  year = {2003},
  volume = {8(11)},
  pages = {1--20}
}

@INPROCEEDINGS{arulesViz:Ong:2002,
  author = {Kian-Huat Ong and Kok-leong Ong and Wee-Keong Ng and Ee-Peng Lim},
  title = {CrystalClear: Active Visualization of Association Rules},
  booktitle = {In ICDM'02 International Workshop on Active Mining AM2002},
  year = {2002}
}

@ARTICLE{arulesViz:Prangsmal:2009,
  author = {Maaike E Prangsmal and Carla A. M. {van Boxtel} and Gellof Kanselaar
	and Paul A. Kirschner},
  title = {Concrete and abstract visualizations in history learning tasks},
  journal = {British Journal of Educational Psychology},
  year = {2009},
  volume = {79},
  pages = {371--387},
  owner = {chelluboina},
  timestamp = {2010.03.09}
}

@MANUAL{arulesViz:rstatisticalman,
  title = {R: A Language and Environment for Statistical Computing},
  author = {{R Development Core Team}},
  organization = {R Foundation for Statistical Computing},
  address = {Vienna, Austria},
  year = {2005},
  note = {{ISBN} 3-900051-07-0},
  url = {http://www.R-project.org}
}

@INPROCEEDINGS{arulesViz:Rainsford:2000,
  author = {Rainsford, Chris P. and Roddick, John F.},
  title = {Visualisation of Temporal Interval Association Rules},
  booktitle = {IDEAL '00: Proceedings of the Second International Conference on
	Intelligent Data Engineering and Automated Learning, Data Mining,
	Financial Engineering, and Intelligent Agents},
  year = {2000},
  pages = {91--96},
  publisher = {Springer-Verlag}
}

@BOOK{arulesViz:Sarkar:2008,
  title = {Lattice: Multivariate Data Visualization with R},
  publisher = {Springer-Verlag},
  year = {2008},
  author = {Deepayan Sarkar}
}

@ARTICLE{arulesViz:Seno:2005,
  author = {Masakazu Seno and George Karypis},
  title = {Finding Frequent Itemsets Using Length-Decreasing Support Constraint},
  journal = {Data Mining and Knowledge Discovery},
  year = {2005},
  volume = {10},
  pages = {197--228}
}

@INPROCEEDINGS{arulesViz:Toivonen:1995,
  author = {H. Toivonen and M. Klemettinen and P. Ronkainen and K. Hatonen and
	H. Mannila},
  title = {Pruning and Grouping Discovered Association Rules},
  booktitle = {Proceedings of KDD'95},
  year = {1995}
}

@INPROCEEDINGS{arulesViz:Unwin:2001,
  author = {Unwin, Antony and Hofmann, Heike and Bernt, Klaus},
  title = {The TwoKey Plot for Multiple Association Rules Control},
  booktitle = {PKDD '01: Proceedings of the 5th European Conference on Principles
	of Data Mining and Knowledge Discovery},
  year = {2001},
  pages = {472--483},
  publisher = {Springer-Verlag}
}

@INPROCEEDINGS{arulesViz:Urbanek:2003,
  author = {Simon Urbanek and Martin Theus},
  title = {iPlots: High Interaction Graphics for {R}},
  booktitle = {Proceedings of the 3rd International Workshop on Distributed Statistical
	Computing},
  year = {2003}
}

@MASTERSTHESIS{arulesViz:Vodenicharov:2007,
  author = {Martin Vodenicharov},
  title = {Visualisierung von Assoziationsregeln mit {R} (English Titile: Visualisation
	of Assotiation Rules with {R})},
  school = {Wirtschaftsuniversit{\"a}t Wien},
  year = {2007}
}

@INPROCEEDINGS{arulesViz:Wong:1999,
  author = {Wong, Pak Chung and Whitney, Paul and Thomas, Jim},
  title = {Visualizing Association Rules for Text Mining},
  booktitle = {INFOVIS '99: Proceedings of the 1999 IEEE Symposium on Information
	Visualization},
  year = {1999},
  pages = {120},
  address = {Washington, DC, USA},
  publisher = {IEEE Computer Society},
  isbn = {0-7695-0431-0}
}

@INPROCEEDINGS{arulesViz:Yang:2003,
  author = {Li Yang},
  title = {Visualizing Frequent Itemsets, Association Rules, and Sequential
	Patterns in Parallel Coordinates},
  booktitle = {Computational Science and Its Applications -- ICCSA 2003},
  year = {2003},
  series = {Lecture Notes in Computer Science},
  pages = {21--30}
}

@MASTERSTHESIS{arulesViz:Zhang:2000,
  author = {Hongen Zhang},
  title = {Mining And Visualization Of Association Rules Over Relational DBMSs},
  school = {University of Florida},
  year = {2000}
}

@INPROCEEDINGS{arulesViz:Zhao:2001,
  author = {Kaidi Zhao and Bing Liu},
  title = {Visual Analysis of The Behavior of Discovered Rules},
  booktitle = {Workshop on Visual Data Mining},
  year = {2001},
  month = {Aug},
  day = {20}
}

@BOOK{arulesViz:Chen:2008,
  title = {Handbook of Data Visualization},
  publisher = {Springer-Verlag},
  year = {2008},
  editor = {Chun Houh Chen and Antony Unwin and Wolfgang Hardle},
  series = {Springer Handbooks of Computational Statistics}
}

@article{arulesViz:Hahsler2016c,
    author = {Michael Hahsler and Radoslaw Karpienko},
    title = {Visualizing Association Rules in Hierarchical Groups},
    journal = {Journal of Business Economics},
    volume = 87,
    number = 3,
    year = {2016},
    pages = {317--335},
    month = {May},
    doi = {10.1007/s11573-016-0822-8}
}

@article{arulesViz:Hahsler2017b,
    author = {Michael Hahsler},
    title = {arules{V}iz: {V}isualizing Association Rules with {R}},
    journal = {R Journal},
    year = {2017},
    volume = {9},
    pages = {163--175},
    number = {2},
    month = {December},
    issn = {2073-4859},
    url = {https://journal.r-project.org/archive/2017/RJ-2017-047/RJ-2017-047.pdf},
}
